@online{forbesValuations,
    author={Forbes},
    title={MLB Valuations 2024},
    year=2024,
    url={https://www.forbes.com/lists/mlb-valuations/},
    urldate={2024-11-23}
}

@online{gallupPoll,
    author={Jeffrey M. Jones},
    title={Football Retains Dominant Position as Favorite U.S. Sport},
    year=2023,
    url={https://news.gallup.com/poll/610046/football-retains-dominant-position-favorite-sport.aspx},
    urldate={2024-11-23}
}

@online{fgRosterResource,
    author={Fangraphs},
    title={Payroll Breakdown, RosterResource},
    year=2024,
    url={https://www.fangraphs.com/roster-resource/breakdowns/payroll},
    urldate={2024-11-23}
}